%YAML 1.1
%TAG !u! tag:unity3d.com,2011:
--- !u!1001 &100100000
Prefab:
  m_ObjectHideFlags: 1
  serializedVersion: 2
  m_Modification:
    m_TransformParent: {fileID: 0}
    m_Modifications: []
    m_RemovedComponents: []
  m_ParentPrefab: {fileID: 0}
  m_RootGameObject: {fileID: 1280236082931808}
  m_IsPrefabParent: 1
--- !u!1 &1280236082931808
GameObject:
  m_ObjectHideFlags: 0
  m_PrefabParentObject: {fileID: 0}
  m_PrefabInternal: {fileID: 100100000}
  serializedVersion: 5
  m_Component:
  - component: {fileID: 4400364320287162}
  - component: {fileID: 212554705319537738}
  - component: {fileID: 60820542773477092}
  m_Layer: 0
  m_Name: Zuckerwattenwolke
  m_TagString: Untagged
  m_Icon: {fileID: 0}
  m_NavMeshLayer: 0
  m_StaticEditorFlags: 0
  m_IsActive: 1
--- !u!4 &4400364320287162
Transform:
  m_ObjectHideFlags: 1
  m_PrefabParentObject: {fileID: 0}
  m_PrefabInternal: {fileID: 100100000}
  m_GameObject: {fileID: 1280236082931808}
  m_LocalRotation: {x: 0, y: 0, z: 0, w: 1}
  m_LocalPosition: {x: -82.44351, y: -20.646303, z: 0}
  m_LocalScale: {x: 1, y: 1, z: 1}
  m_Children: []
  m_Father: {fileID: 0}
  m_RootOrder: 0
  m_LocalEulerAnglesHint: {x: 0, y: 0, z: 0}
--- !u!60 &60820542773477092
PolygonCollider2D:
  m_ObjectHideFlags: 1
  m_PrefabParentObject: {fileID: 0}
  m_PrefabInternal: {fileID: 100100000}
  m_GameObject: {fileID: 1280236082931808}
  m_Enabled: 1
  m_Density: 1
  m_Material: {fileID: 0}
  m_IsTrigger: 0
  m_UsedByEffector: 0
  m_UsedByComposite: 0
  m_Offset: {x: 0, y: 0}
  m_SpriteTilingProperty:
    border: {x: 0, y: 0, z: 0, w: 0}
    pivot: {x: 0.5, y: 0.5}
    oldSize: {x: 39.17, y: 12.329999}
    newSize: {x: 39.17, y: 12.329999}
    adaptiveTilingThreshold: 0.5
    drawMode: 0
    adaptiveTiling: 0
  m_AutoTiling: 0
  m_Points:
    m_Paths:
    - - {x: 2.983652, y: -6.0342455}
      - {x: 3.2131639, y: -5.995993}
      - {x: 3.844321, y: -5.8429856}
      - {x: 4.1694627, y: -5.766482}
      - {x: 4.666738, y: -5.6326}
      - {x: 5.1640134, y: -5.460466}
      - {x: 5.5082808, y: -5.3265843}
      - {x: 5.9481783, y: -5.1353245}
      - {x: 6.235068, y: -5.0014424}
      - {x: 6.6940913, y: -4.7528048}
      - {x: 7.076611, y: -4.465915}
      - {x: 7.286997, y: -4.2937818}
      - {x: 7.688642, y: -3.892136}
      - {x: 7.7460203, y: -3.7582543}
      - {x: 7.918154, y: -3.853884}
      - {x: 8.22417, y: -3.987766}
      - {x: 8.530185, y: -4.102522}
      - {x: 8.702319, y: -4.1598997}
      - {x: 9.31435, y: -4.3320336}
      - {x: 9.964633, y: -4.465915}
      - {x: 10.194145, y: -4.504167}
      - {x: 10.806176, y: -4.5806713}
      - {x: 11.0165615, y: -4.5997972}
      - {x: 11.284326, y: -4.618923}
      - {x: 11.647719, y: -4.638049}
      - {x: 12.680522, y: -4.638049}
      - {x: 13.063042, y: -4.618923}
      - {x: 13.330805, y: -4.5997972}
      - {x: 13.560317, y: -4.5806713}
      - {x: 13.904584, y: -4.5424194}
      - {x: 14.344481, y: -4.485041}
      - {x: 14.803505, y: -4.4085374}
      - {x: 15.262528, y: -4.3129077}
      - {x: 15.817182, y: -4.1790257}
      - {x: 16.10407, y: -4.121648}
      - {x: 16.352709, y: -4.0260177}
      - {x: 16.620472, y: -3.930388}
      - {x: 17.022118, y: -3.7773802}
      - {x: 17.462015, y: -3.5861204}
      - {x: 17.787157, y: -3.4331126}
      - {x: 18.093172, y: -3.260979}
      - {x: 18.360937, y: -3.088845}
      - {x: 18.6287, y: -2.8784595}
      - {x: 18.743456, y: -2.7828295}
      - {x: 19.145102, y: -2.3811839}
      - {x: 19.278984, y: -2.2090502}
      - {x: 19.355488, y: -2.1134202}
      - {x: 19.52762, y: -1.7500268}
      - {x: 19.565872, y: -1.635271}
      - {x: 19.585, y: -1.597019}
      - {x: 19.585, y: -0.9276098}
      - {x: 19.565872, y: -0.8511059}
      - {x: 19.508495, y: -0.6789721}
      - {x: 19.412865, y: -0.46858642}
      - {x: 19.29811, y: -0.2964526}
      - {x: 18.896463, y: 0.10519287}
      - {x: 18.647827, y: 0.2964526}
      - {x: 18.399189, y: 0.46858642}
      - {x: 17.940165, y: 0.6980981}
      - {x: 17.672401, y: 0.812854}
      - {x: 17.595898, y: 0.83197993}
      - {x: 17.825409, y: 0.9276098}
      - {x: 18.303558, y: 1.2718774}
      - {x: 18.513945, y: 1.4631371}
      - {x: 18.839087, y: 1.7691528}
      - {x: 19.068598, y: 2.0751684}
      - {x: 19.29811, y: 2.5533178}
      - {x: 19.317236, y: 2.7254515}
      - {x: 19.33636, y: 2.8784595}
      - {x: 19.33636, y: 3.2227268}
      - {x: 19.240732, y: 3.5478685}
      - {x: 19.087723, y: 3.7965062}
      - {x: 18.992094, y: 3.930388}
      - {x: 18.686079, y: 4.2555294}
      - {x: 18.380062, y: 4.485041}
      - {x: 18.131426, y: 4.657175}
      - {x: 17.63415, y: 4.9058127}
      - {x: 17.175127, y: 5.1161985}
      - {x: 16.754354, y: 5.230954}
      - {x: 16.486591, y: 5.3074584}
      - {x: 16.333584, y: 5.3457103}
      - {x: 15.472915, y: 5.517844}
      - {x: 15.205151, y: 5.556096}
      - {x: 14.688749, y: 5.613474}
      - {x: 14.459238, y: 5.6326}
      - {x: 14.134096, y: 5.651726}
      - {x: 12.776152, y: 5.651726}
      - {x: 12.45101, y: 5.6326}
      - {x: 12.202373, y: 5.613474}
      - {x: 11.800727, y: 5.575222}
      - {x: 11.494711, y: 5.53697}
      - {x: 11.360829, y: 5.517844}
      - {x: 11.112192, y: 5.479592}
      - {x: 10.78705, y: 5.422214}
      - {x: 10.232397, y: 5.3074584}
      - {x: 9.926381, y: 5.460466}
      - {x: 9.543861, y: 5.6326}
      - {x: 9.103965, y: 5.7473555}
      - {x: 8.970082, y: 5.785608}
      - {x: 8.491933, y: 5.9003634}
      - {x: 8.3006735, y: 5.9386153}
      - {x: 7.7268944, y: 6.0342455}
      - {x: 7.4208784, y: 6.0724974}
      - {x: 7.038359, y: 6.1107492}
      - {x: 6.7705956, y: 6.129875}
      - {x: 6.407202, y: 6.149001}
      - {x: 5.393525, y: 6.149001}
      - {x: 5.0110054, y: 6.129875}
      - {x: 4.743242, y: 6.1107492}
      - {x: 4.51373, y: 6.0916233}
      - {x: 4.1503367, y: 6.0533714}
      - {x: 3.8634472, y: 6.0151196}
      - {x: 3.3661718, y: 5.9386153}
      - {x: 2.9645262, y: 5.8621116}
      - {x: 2.5246289, y: 5.785608}
      - {x: 2.1803613, y: 5.6708517}
      - {x: 1.8934716, y: 5.594348}
      - {x: 1.7787157, y: 5.556096}
      - {x: 1.6639599, y: 5.498718}
      - {x: 1.1858104, y: 5.575222}
      - {x: 1.0519286, y: 5.594348}
      - {x: 0.7267871, y: 5.6326}
      - {x: 0.53552735, y: 5.651726}
      - {x: 0.32514158, y: 5.6708517}
      - {x: 0.019125976, y: 5.6899776}
      - {x: -0.47814938, y: 5.7091036}
      - {x: -0.97542477, y: 5.7091036}
      - {x: -1.3579443, y: 5.6899776}
      - {x: -1.3579443, y: 5.7091036}
      - {x: -1.549204, y: 5.766482}
      - {x: -1.9699755, y: 5.8812375}
      - {x: -2.6011326, y: 6.0151196}
      - {x: -2.8306444, y: 6.0533714}
      - {x: -3.4044237, y: 6.129875}
      - {x: -3.5765574, y: 6.149001}
      - {x: -3.8060691, y: 6.168127}
      - {x: -5.967304, y: 6.168127}
      - {x: -6.36895, y: 6.129875}
      - {x: -6.7132173, y: 6.0916233}
      - {x: -7.229619, y: 6.0151196}
      - {x: -7.9564056, y: 5.9003634}
      - {x: -8.205044, y: 5.8429856}
      - {x: -8.358051, y: 5.785608}
      - {x: -8.912704, y: 5.651726}
      - {x: -9.486484, y: 5.44134}
      - {x: -9.658618, y: 5.498718}
      - {x: -10.50016, y: 5.613474}
      - {x: -10.844428, y: 5.651726}
      - {x: -11.054814, y: 5.6708517}
      - {x: -11.322577, y: 5.6899776}
      - {x: -11.724223, y: 5.7091036}
      - {x: -12.623144, y: 5.7091036}
      - {x: -13.02479, y: 5.6899776}
      - {x: -13.292553, y: 5.6708517}
      - {x: -13.713325, y: 5.6326}
      - {x: -14.191474, y: 5.575222}
      - {x: -14.688749, y: 5.498718}
      - {x: -15.262528, y: 5.383962}
      - {x: -15.740678, y: 5.2692065}
      - {x: -16.084946, y: 5.1735764}
      - {x: -16.563095, y: 5.020569}
      - {x: -16.926489, y: 4.886687}
      - {x: -17.25163, y: 4.7528048}
      - {x: -17.462015, y: 4.657175}
      - {x: -17.787157, y: 4.504167}
      - {x: -18.05492, y: 4.3511596}
      - {x: -18.360937, y: 4.1598997}
      - {x: -18.6287, y: 3.949514}
      - {x: -18.743456, y: 3.853884}
      - {x: -19.164228, y: 3.4331126}
      - {x: -19.240732, y: 3.3374827}
      - {x: -19.33636, y: 3.2227268}
      - {x: -19.546747, y: 2.8402073}
      - {x: -19.585, y: 2.6871996}
      - {x: -19.585, y: 1.9604125}
      - {x: -19.508495, y: 1.6926489}
      - {x: -19.39374, y: 1.5013891}
      - {x: -19.259857, y: 1.3292553}
      - {x: -19.011219, y: 1.0614916}
      - {x: -18.858212, y: 0.9276098}
      - {x: -18.686079, y: 0.793728}
      - {x: -18.43744, y: 0.6215942}
      - {x: -18.265306, y: 0.5259643}
      - {x: -18.399189, y: 0.3920825}
      - {x: -18.494818, y: 0.21994872}
      - {x: -18.705204, y: -0.21994872}
      - {x: -18.72433, y: -0.3920825}
      - {x: -18.743456, y: -0.5450903}
      - {x: -18.743456, y: -0.88935786}
      - {x: -18.647827, y: -1.1571215}
      - {x: -18.53307, y: -1.4057592}
      - {x: -18.418314, y: -1.577893}
      - {x: -18.035795, y: -1.9604125}
      - {x: -17.86366, y: -2.1134202}
      - {x: -17.57677, y: -2.30468}
      - {x: -17.309008, y: -2.4576879}
      - {x: -17.213379, y: -2.4959397}
      - {x: -16.830858, y: -2.6680737}
      - {x: -16.73523, y: -2.7063255}
      - {x: -16.58222, y: -2.7637036}
      - {x: -16.429213, y: -2.8019555}
      - {x: -16.295332, y: -3.069719}
      - {x: -16.199701, y: -3.203601}
      - {x: -15.817182, y: -3.6243725}
      - {x: -15.645048, y: -3.7391284}
      - {x: -15.453789, y: -3.892136}
      - {x: -14.918261, y: -4.1598997}
      - {x: -14.612246, y: -4.2937818}
      - {x: -14.363607, y: -4.3894114}
      - {x: -14.248852, y: -4.4276633}
      - {x: -13.694199, y: -4.5997972}
      - {x: -13.292553, y: -4.695427}
      - {x: -12.910033, y: -4.7719307}
      - {x: -12.680522, y: -4.810183}
      - {x: -12.125869, y: -4.886687}
      - {x: -11.934608, y: -4.9058127}
      - {x: -11.705097, y: -4.9249387}
      - {x: -11.418207, y: -4.9440646}
      - {x: -10.78705, y: -4.9440646}
      - {x: -10.767924, y: -4.9631906}
      - {x: -10.538413, y: -4.9631906}
      - {x: -10.519286, y: -4.9440646}
      - {x: -9.869003, y: -4.9440646}
      - {x: -9.562988, y: -4.9249387}
      - {x: -9.123091, y: -4.886687}
      - {x: -8.797949, y: -4.848435}
      - {x: -8.511059, y: -4.810183}
      - {x: -8.281548, y: -4.7719307}
      - {x: -7.84165, y: -4.695427}
      - {x: -7.306123, y: -4.5997972}
      - {x: -7.019233, y: -4.504167}
      - {x: -6.5984616, y: -4.4085374}
      - {x: -6.27332, y: -4.2746553}
      - {x: -6.196816, y: -4.2364035}
      - {x: -5.6612887, y: -4.2172775}
      - {x: -5.431777, y: -4.1981516}
      - {x: -5.0875096, y: -4.1598997}
      - {x: -4.9918795, y: -4.3320336}
      - {x: -4.89625, y: -4.465915}
      - {x: -4.5902343, y: -4.791057}
      - {x: -4.475478, y: -4.886687}
      - {x: -4.2459664, y: -5.0588207}
      - {x: -3.997329, y: -5.211828}
      - {x: -3.5765574, y: -5.422214}
      - {x: -3.0219042, y: -5.6708517}
      - {x: -2.5820067, y: -5.785608}
      - {x: -2.371621, y: -5.8429856}
      - {x: -2.0656054, y: -5.9194894}
      - {x: -1.8934716, y: -5.9577413}
      - {x: -1.3579443, y: -6.0533714}
      - {x: -1.0901806, y: -6.0916233}
      - {x: -0.5737793, y: -6.149001}
      - {x: -0.32514158, y: -6.168127}
      - {x: 1.6448339, y: -6.168127}
      - {x: 2.0847313, y: -6.129875}
      - {x: 2.5820067, y: -6.0724974}
--- !u!212 &212554705319537738
SpriteRenderer:
  m_ObjectHideFlags: 1
  m_PrefabParentObject: {fileID: 0}
  m_PrefabInternal: {fileID: 100100000}
  m_GameObject: {fileID: 1280236082931808}
  m_Enabled: 1
  m_CastShadows: 0
  m_ReceiveShadows: 0
  m_DynamicOccludee: 1
  m_MotionVectors: 1
  m_LightProbeUsage: 1
  m_ReflectionProbeUsage: 1
  m_Materials:
  - {fileID: 10754, guid: 0000000000000000f000000000000000, type: 0}
  m_StaticBatchInfo:
    firstSubMesh: 0
    subMeshCount: 0
  m_StaticBatchRoot: {fileID: 0}
  m_ProbeAnchor: {fileID: 0}
  m_LightProbeVolumeOverride: {fileID: 0}
  m_ScaleInLightmap: 1
  m_PreserveUVs: 0
  m_IgnoreNormalsForChartDetection: 0
  m_ImportantGI: 0
  m_StitchLightmapSeams: 0
  m_SelectedEditorRenderState: 0
  m_MinimumChartSize: 4
  m_AutoUVMaxDistance: 0.5
  m_AutoUVMaxAngle: 89
  m_LightmapParameters: {fileID: 0}
  m_SortingLayerID: 0
  m_SortingLayer: 0
  m_SortingOrder: 0
  m_Sprite: {fileID: 21300000, guid: b0254bec70fe59846b1d592551c99729, type: 3}
  m_Color: {r: 1, g: 1, b: 1, a: 1}
  m_FlipX: 0
  m_FlipY: 0
  m_DrawMode: 0
  m_Size: {x: 39.17, y: 12.329999}
  m_AdaptiveModeThreshold: 0.5
  m_SpriteTileMode: 0
  m_WasSpriteAssigned: 1
  m_MaskInteraction: 0
